%
% $Id: bibliography.bib 838 2009-06-03 15:18:35Z felix $
% vim:set expandtab tabstop=4 shiftwidth=4:
%

@INPROCEEDINGS{SchullerLehmannWeninger,
    author = {B. Schuller and A. Lehmann and F. Weninger},
    title = {Blind Enhancement of the Rhythmic and Harmonic Sections by NMF:
             Does it help?},
    booktitle = {Proc. International Conference on Acoustics (NAG/DAGA 2009), including the 35th German Annual Conference on Acoustics, Acoustical Society of the Netherlands (Nederlands Akoestisch Genootschap, NAG), DEGA, Rotterdam, The Netherlands},
    year = {2009}
}
@INPROCEEDINGS{Smaragdis2003,
    author = {P. Smaragdis and J. C. Brown},
    title = {Non-negative matrix factorization for polyphonic music transcription},
    booktitle = {IEEE Workshop on Applications of Signal Processing to Audio and
                  Acoustics},
    year = {2003},
    pages = {177--180}
}
@INPROCEEDINGS{Smaragdis2004,
    author = {P. Smaragdis},
    title = {Discovering Auditory Objects Through Non-Negativity Constraints},
    booktitle = {Statistical and Perceptual Audio Processing (SAPA)},
    year = {2004}
}
    
@INPROCEEDINGS{LeeSeung2001,
    author = {D. D. Lee and H. S. Seung},
    title = {Algorithms for non-negative matrix factorization},
    booktitle = {},
    year = {2001},
    pages = {556--562},
    publisher = {MIT Press}
}
@INPROCEEDINGS{UhleDittmarSporer,
    author = {C. Uhle and C. Dittmar and T. Sporer},
    title = {Extraction of Drum Tracks From Polyphonic Music Using Independent
                  Subspace Analysis},
    booktitle = {Proc. 4th International Symposium on Independent Component
                  Analysis and Blind Signal Separation (ICA2003)},
    year = {2003}
}
@INPROCEEDINGS{HelenVirtanen,
    author = {M. Helén and T. Virtanen},
    title = {Separation of drums from polyphonic music using non-negative matrix
                  factorization and support vector machine},
    booktitle = {Proc. EUSIPCO},
    year = {2005}
}
@INPROCEEDINGS{PaulusVirtanen,
   author = {J. Paulus and T. Virtanen},
   title = {Drum transcription with non-negative spectrogram factorisation},
   booktitle = {Proc. EUSIPCO},
   year = {2005}
}
@INPROCEEDINGS{MoreauFlexer,
    author = {A. Moreau and A. Flexer},
    title = {Drum transcription in polyphonic music using non-negative matrix
                  factorisation},
    booktitle = {Proceedings of the 8th International Conference on Music
                  Information Retrieval (ISMIR07)},
    year = {2007}
}
@INPROCEEDINGS{Virtanen2008,
    author = {T. Virtanen and M. Ryynänen and A. Mesaros},
    title = {Combining Pitch-Based Inference and Non-Negative Spectrogram
                  Factorization in Separating Vocals from Polyphonic Music},
    booktitle = {ISCA Tutorial and Research Workshop on Statistical And
                  Perceptual Audition},
    year = {2008}
}
@MISC{HelenVirtanenWebsite,
    author = {M. Helén},
    title = {DRUM SEPARATION DEMONSTRATIONS},
    url = {http://www.cs.tut.fi/~heln/demonstrations/NMF\_SVM\_demonstrations.html}
}
@ARTICLE{Sethares1993,
   author = {W. A. Sethares},
   title = {Local Consonance and the Relationship Between Timbre and Scale},
   journal = {Journal of the Acoustical Society of America},
   year = {1993},
   number = {94}
}
@book{CoverThomas,
    author = {T. M. Cover and J. A. Thomas},
    title = {Elements of Information Theory},
    year = {1991},
    publisher = {John Wiley and Sons},
    address = {New York}
}
@ARTICLE{HyvaerinenOja2000,
    author = {E. Oja},
    title = {Independent component analysis: algorithms and applications},
    journal = {Neural Networks},
    year = {2000},
    volume = {13},
    pages = {411--430}
}
@ARTICLE{HyvaerinenOja1997,
    author = {A. Hyv\"arinen and E. Oja},
    title = {A fast fixed-point algorithm for independent component analysis},
    journal = {Neural Computation},
    year = {1997},
    volume = {9},
    pages = {1483--1492}
}
@ARTICLE{JonesSibson1987,
    author = {M. C. Jones and R. Sibson},
    title = {What is projection pursuit?},
    journal = {Journal of the Royal Statistical Society A },
    year = {1987},
    number = {150},
    pages = {1--36}
}
@inproceedings{Hyvaerinen1998,
    author = {A. Hyv\"arinen},
    title = {New approximations of differential entropy for independent
                  component analysis and projection pursuit},
    booktitle = {NIPS '97: Proceedings of the 1997 conference on Advances in
                  neural information processing systems 10},
    year = {1998},
    isbn = {0-262-10076-2},
    pages = {273--279},
    location = {Denver, Colorado, United States},
    publisher = {MIT Press},
    address = {Cambridge, MA, USA},
}
@MISC{ChangLinLibSVM,
    author = {C.-C. Chang and C.-J. Lin},
    title = {{LIBSVM}: A library for support vector machines},
    url = {http://www.csie.ntu.edu.tw/~cjlin/libsvm},
    year = {2005}
}
@misc{MTV,
    title = {20 {Y}ears {O}n {MTV}},
    publisher = {Sony BMG Music Entertainment GmbH (ASIN: B0006H2VCC)}
}
@misc{BSDLicense,
    title = {Berkeley {S}oftware {D}istribution {L}icense},
    url = {http://www.opensource.org/licenses/bsd-license.php},
    year = {February 2009}
}
@misc{GPLLicense,
    title = {{GNU} {G}eneral {P}ublic {L}icense, v2},
    url = {http://www.gnu.org/licenses/gpl2.txt},
    year = {February 2009}
}
@misc{POCO,
    title = {{POCO} {C}++ Libraries},
    url = {http://www.appinf.com/poco/download},
    year = {February 2009}
}
@misc{SQLite,
    title = {{SQL}ite database engine},
    url = {http://www.sqlite.org/download.html},
    year = {February 2009}
}
@misc{Qt,
    title = {Qt framework},
    url = {http://www.trolltech.com},
    year = {February 2009}
}
@inproceedings{FFTW,
    author = {M. Frigo and S. G. Johnson},
    title = {The Design and Implementation of {F}{F}{T}{W}3},
    booktitle = {Proceedings of the IEEE},
    volume = {93},
    issue = {2},
    pages = {216--231},
    year = {2005}
}
@misc{SDL,
    title = {Simple {D}irect {M}edia {L}ayer},
    url = {http://www.libsdl.org},
    year = {February 2009}
}
@misc{SDLsound,
    title = {{SDL}\_sound library},
    url = {http://icculus.org/SDL\_sound},
    year = {February 2009}
}
@misc{VisualStudio,
    title = {Microsoft {V}isual {S}tudio 2005},
    url = {http://www.microsoft.com},
    year = {February 2009}
}
@misc{GNUAutoconf,
    title = {{GNU} Autoconf},
    url = {http://www.gnu.org/software/autoconf},
    year = {February 2009}
}
@misc{GNUAutomake,
    title = {{GNU} Automake},
    url = {http://www.gnu.org/software/automake},
    year = {February 2009}
}
@misc{ARFF,
    title = {Attribute-{R}elation {F}ile {F}ormat},
    url = {http://www.cs.waikato.ac.nz/ml/weka/arff.html},
    year = {February 2009}
}
@misc{ATLAS,
    title = {Automatically {T}uned {L}inear {A}lgebra {S}oftware},
    url = {http://math-atlas.sourceforge.net},
    year = {February 2009}
}
@book{Weka,
    author = {I. H. Witten and E. Frank},
    title = {Data Mining: Practical machine learning tools and techniques},
    year = {2005},
    publisher = {Morgan Kaufmann},
    address = {San Francisco}
}
@book{HTKBook,
    author = {S. Young et al.},
    title = {The HTK Book (version 3.4)},
    year = {2006}
}
